@Article{APE,
  title = {A{PE}: analyses of phylogenetics and evolution in {R} language},
  author = {E. Paradis and J. Claude and K. Strimmer},
  journal = {Bioinformatics},
  year = {2004},
  volume = {20},
  pages = {289-290},
}

@article{bilderbeek2018babette,
  title={babette: BEAUti 2, BEAST 2 and Tracer for R},
  author={Bilderbeek, Rich√®l JC and Etienne, Rampal S},
  journal={Methods in Ecology and Evolution},
  year={2018},
  publisher={Wiley Online Library}
}

@article{bouckaert2014beast,
  title={BEAST 2: a software platform for Bayesian evolutionary analysis},
  author={Bouckaert, Remco and Heled, Joseph and K{\"u}hnert, Denise and Vaughan, Tim and Wu, Chieh-Hsi and Xie, Dong and Suchard, Marc A and Rambaut, Andrew and Drummond, Alexei J},
  journal={PLoS Comput Biol},
  volume={10},
  number={4},
  pages={e1003537},
  year={2014}
}

@inproceedings{del1995correlation,
  title={On the correlation between code coverage and software reliability},
  author={Del Frate, Fabio and Garg, Praerit and Mathur, Aditya P and Pasquini, Alberto},
  booktitle={Software Reliability Engineering, 1995. Proceedings., Sixth International Symposium on},
  pages={124--132},
  year={1995},
  organization={IEEE}
}

@article{DensiTree,
  title={DensiTree 2: Seeing trees through the forest},
  author={Bouckaert, Remco and Heled, Joseph},
  journal={bioRxiv},
  pages={012401},
  year={2014},
  publisher={Cold Spring Harbor Laboratory}
}

@article{harmon2010early,
  title={Early bursts of body size and shape evolution are rare in comparative data},
  author={Harmon, Luke J and Losos, Jonathan B and Jonathan Davies, T and Gillespie, Rosemary G and Gittleman, John L and Bryan Jennings, W and Kozak, Kenneth H and McPeek, Mark A and Moreno-Roark, Franck and Near, Thomas J and others},
  journal={Evolution: International Journal of Organic Evolution},
  volume={64},
  number={8},
  pages={2385--2396},
  year={2010},
  publisher={Wiley Online Library}
}

@article{hohna2016revbayes,
  title={RevBayes: Bayesian phylogenetic inference using graphical models and an interactive model-specification language},
  author={H{\"o}hna, Sebastian and Landis, Michael J and Heath, Tracy A and Boussau, Bastien and Lartillot, Nicolas and Moore, Brian R and Huelsenbeck, John P and Ronquist, Fredrik},
  journal={Systematic Biology},
  volume={65},
  number={4},
  pages={726--736},
  year={2016},
  publisher={Oxford University Press}
}

@article{janzen2015approximate,
  title={Approximate Bayesian Computation of diversification rates from molecular phylogenies: introducing a new efficient summary statistic, the nLTT},
  author={Janzen, Thijs and H{\"o}hna, Sebastian and Etienne, Rampal S},
  journal={Methods in Ecology and Evolution},
  volume={6},
  number={5},
  pages={566--575},
  year={2015},
  publisher={Wiley Online Library}
}

@article{maturana2018model,
  title={Model selection and parameter inference in phylogenetics using Nested Sampling},
  author={Maturana, Patricio and Brewer, Brendon J and Klaere, Steffen and Bouckaert, Remco},
  journal={arXiv preprint arXiv:1703.05471},
  year={2017}
}

@article{rabosky2008explosive,
  title={Explosive evolutionary radiations: decreasing speciation or increasing extinction through time?},
  author={Rabosky, Daniel L and Lovette, Irby J},
  journal={Evolution: International Journal of Organic Evolution},
  volume={62},
  number={8},
  pages={1866--1875},
  year={2008},
  publisher={Wiley Online Library}
}


@Manual{devtools,
  title = {devtools: Tools to Make Developing R Packages Easier},
  author = {Wickham, Hadley and Chang, Winston},
  year = {2016},
  note = {R package version 1.12.0.9000},
  url = {http://CRAN.R-project.org/package=devtools},
}

@article{drummond2006relaxed,
  title={Relaxed phylogenetics and dating with confidence},
  author={Drummond, Alexei J and Ho, Simon YW and Phillips, Matthew J and Rambaut, Andrew},
  journal={PLoS biology},
  volume={4},
  number={5},
  pages={e88},
  year={2006},
  publisher={Public Library of Science}
}


@article{drummond2012bayesian,
  title={Bayesian phylogenetics with BEAUti and the BEAST 1.7},
  author={Drummond, Alexei J and Suchard, Marc A and Xie, Dong and Rambaut, Andrew},
  journal={Molecular biology and evolution},
  volume={29},
  number={8},
  pages={1969--1973},
  year={2012},
  publisher={Oxford University Press}
}


@book{drummond2015bayesian,
  title={Bayesian evolutionary analysis with BEAST},
  author={Drummond, Alexei J and Bouckaert, Remco R},
  year={2015},
  publisher={Cambridge University Press}
}

@inproceedings{fang2001,
  title={Using a coding standard to improve program quality},
  author={Fang, Xuefen},
  booktitle={Quality Software, 2001. Proceedings. Second Asia-Pacific Conference on},
  pages={73--78},
  year={2001},
  organization={IEEE}
}

@Misc{fix_starting_tree,
  Author = "R Bouckaert and TG Vaughan",
  Title  = "\title{Fix starting tree}",
  Note   = "\url{http://www.beast2.org/fix-starting-tree}
           [Accessed: 2018-02-28]",
  year = 2017,
}



@Article{GEIGER,
  title = {GEIGER: investigating evolutionary radiations},
  author = {LJ Harmon and JT Weir and CD Brock and RE Glor and W Challenger},
  journal = {Bioinformatics},
  year = {2008},
  volume = {24},
  pages = {129-131},
}

@Book{ggplot2,
  author = {Hadley Wickham},
  title = {ggplot2: elegant graphics for data analysis},
  publisher = {Springer New York},
  year = {2009},
  isbn = {978-0-387-98140-6},
  url = {http://had.co.nz/ggplot2/book},
}

@Manual{goodpractice,
  title = {goodpractice: Advice on R Package Building},
  author = {Csardi, Gabor},
  year = {2016},
  note = {R package version 1.0.0},
  url = {https://github.com/MangoTheCat/goodpractice},
}

@article{gorgolewski2016practical,
  title={A practical guide for improving transparency 
    and reproducibility in neuroimaging research
  },
  author={Gorgolewski, Krzysztof J and Poldrack, Russell},
  journal={bioRxiv},
  pages={039354},
  year={2016},
  publisher={Cold Spring Harbor Labs Journals}
}

@article{hasegawa1985dating,
  title={Dating of the human-ape splitting by a molecular clock of mitochondrial DNA},
  author={Hasegawa, Masami and Kishino, Hirohisa and Yano, Taka-aki},
  journal={Journal of molecular evolution},
  volume={22},
  number={2},
  pages={160--174},
  year={1985},
  publisher={Springer}
}

@article{horgan1994,
  title={Achieving software quality with testing coverage measures},
  author={Horgan, Joseph R. and London, Saul and Lyu, Michael R},
  journal={Computer},
  volume={27},
  number={9},
  pages={60--69},
  year={1994},
  publisher={IEEE}
}

@Manual{knitr,
  title = {knitr: A General-Purpose Package for Dynamic Report Generation in R},
  author = {Yihui Xie},
  year = {2017},
  note = {R package version 1.17},
  url = {https://yihui.name/knitr/},
}

@Manual{lintr,
  title = {lintr: Static R Code Analysis},
  author = {Hester, Jim},
  year = {2016},
  note = {R package version 1.0.0},
  url = {http://CRAN.R-project.org/package=lintr},
}

@Misc{mcbette,
  Author = "Richel J.C. Bilderbeek",
  Title  = "\title{mcbette}",
  Note   = "\url{https://github.com/richelbilderbeek/mcbette}
           [Accessed: 2019-01-21]",
  year = 2019,
}

@article{perez2016ten,
  title={Ten Simple Rules for Taking Advantage of git and GitHub},
  author={Perez-Riverol, Yasset and Gatto, Laurent and Wang, Rui and Sachsenberg, Timo and Uszkoreit, Julian and Leprevost, Felipe and Fufezan, Christian and Ternent, Tobias and Eglen, Stephen J and Katz, Daniel SS and others},
  journal={bioRxiv},
  pages={048744},
  year={2016},
  publisher={Cold Spring Harbor Labs Journals}
}

@Article{phangorn,
  title = {\title{phangorn: phylogenetic analysis in R}},
  author = {K.P. Schliep},
  journal = {Bioinformatics},
  year = {2011},
  volume = {27},
  number = {4},
  pages = {592--593},
}

@Manual{R,
  title = {R: A Language and Environment for Statistical Computing},
  author = {{R Core Team}},
  organization = {R Foundation for Statistical Computing},
  address = {Vienna, Austria},
  year = {2013},
  url = {http://www.R-project.org/},
}

@Manual{rmarkdown,
  title = {rmarkdown: Dynamic Documents for R},
  author = {JJ Allaire and Yihui Xie and Jonathan McPherson and Javier Luraschi and Kevin Ushey and Aron Atkins and Hadley Wickham and Joe Cheng and Winston Chang},
  year = {2017},
  note = {R package version 1.8},
  url = {https://CRAN.R-project.org/package=rmarkdown},
}

@article{sarich1967immunological,
  title={Immunological time scale for hominid evolution},
  author={Sarich, Vincent M and Wilson, Allan C},
  journal={Science},
  volume={158},
  number={3805},
  pages={1200--1203},
  year={1967},
  publisher={American Association for the Advancement of Science}
}

@InCollection{seqinr,
  author = {D. Charif and J.R. Lobry},
  title = {Seqin{R} 1.0-2: a contributed package to the {R} project for statistical computing devoted to biological sequences retrieval and analysis.},
  booktitle = {Structural approaches to sequence evolution: Molecules, networks, populations},
  year = {2007},
  editor = {U. Bastolla and M. Porto and H.E. Roman and M. Vendruscolo},
  series = {Biological and Medical Physics, Biomedical Engineering},
  pages = {207-232},
  address = {New York},
  publisher = {Springer Verlag},
  note = {{ISBN :} 978-3-540-35305-8},
}

@Manual{stringr,
  title = {stringr: Simple, Consistent Wrappers for Common String Operations},
  author = {Hadley Wickham},
  year = {2017},
  note = {R package version 1.2.0},
  url = {https://CRAN.R-project.org/package=stringr},
}

@Misc{style_guide_only,
  Author = "Wickham, Hadley",
  Title  = "\title{Style guide}",
  Note   = "\url{http://r-pkgs.had.co.nz/style.html}
           [Accessed: 2017-12-20]",
  year = 2015,
}

@book{style_guide,
  title={R packages: organize, test, document, and share your code},
  author={Wickham, Hadley},
  year={2015},
  publisher={O'Reilly Media, Inc. }
}

@article{tamura1993estimation,
  title={Estimation of the number of nucleotide substitutions in the control region of mitochondrial DNA in humans and chimpanzees.},
  author={Tamura, Koichiro and Nei, Masatoshi},
  journal={Molecular biology and evolution},
  volume={10},
  number={3},
  pages={512--526},
  year={1993}
}

@article{tavare1986some,
  title={Some probabilistic and statistical problems in the analysis of DNA sequences},
  author={Tavar{\'e}, Simon},
  journal={Lectures on mathematics in the life sciences},
  volume={17},
  number={2},
  pages={57--86},
  year={1986}
}

@Manual{testit,
  title = {testit: A Simple Package for Testing R Packages},
  author = {Yihui Xie},
  year = {2014},
  note = {R package version 0.4, \url{http://CRAN.R-project.org/package=testit}},
  url = {http://CRAN.R-project.org/package=testit},
}

@Article{testthat,
    author = {Hadley Wickham},
    title = {testthat: Get Started with Testing},
    journal = {The R Journal},
    year = {2011},
    volume = {3},
    pages = {5--10},
    url = {http://journal.r-project.org/archive/2011-1/RJournal_2011-1_Wickham.pdf},
  }

@Manual{tracer,
  title = {Tracer v1.4},
  author = {Andrew Rambaut and Alexei J Drummond},
  year = {2007},
  note = {Available from http://beast.bio.ed.ac.uk/Tracer},
  url = {http://beast.bio.ed.ac.uk/Tracer},
}

@Manual{TreeSim,
  title = {TreeSim: Simulating Phylogenetic Trees},
  author = {Tanja Stadler},
  year = {2017},
  note = {R package version 2.3},
  url = {https://CRAN.R-project.org/package=TreeSim},
}

@Manual{usethis,
  title = {usethis: Automate Package and Project Setup},
  author = {Hadley Wickham and Jennifer Bryan},
  year = {2018},
  note = {R package version 1.4.0},
  url = {https://CRAN.R-project.org/package=usethis},
 }

@article{VanEls2018,
  title={A revision of species limits in Neotropical pipits Anthus based on multilocus genetic and vocal data},
  author={Van Els, Paul and Norambuena, Heraldo V},
  journal={Ibis},
  year={2018},
  publisher={Wiley Online Library}
}

@inproceedings{vasilescu2015,
  title={Quality and productivity outcomes relating to continuous integration in GitHub},
  author={Vasilescu, Bogdan and Yu, Yue and Wang, Huaimin and Devanbu, Premkumar and Filkov, Vladimir},
  booktitle={Proceedings of the 2015 10th Joint Meeting on Foundations of Software Engineering},
  pages={805--816},
  year={2015},
  organization={ACM}
}

@article{yule,
  title={A mathematical theory of evolution, based on the conclusions of Dr. JC Willis, FRS},
  author={Yule, G Udny},
  journal={Philosophical transactions of the Royal Society of London. Series B, containing papers of a biological character},
  volume={213},
  pages={21--87},
  year={1925},
  publisher={JSTOR}
}













@article{kendall1948generalized,
  title={On the generalized" birth-and-death" process},
  author={Kendall, David G},
  journal={The annals of mathematical statistics},
  pages={1--15},
  year={1948},
  publisher={JSTOR}
}

@article{etienne2011diversity,
  title={Diversity-dependence brings molecular phylogenies closer to agreement with the fossil record},
  author={Etienne, Rampal S and Haegeman, Bart and Stadler, Tanja and Aze, Tracy and Pearson, Paul N and Purvis, Andy and Phillimore, Albert B},
  journal={Proc. R. Soc. B},
  pages={rspb20111439},
  year={2011},
  publisher={The Royal Society}
}

@article{nee1994reconstructed,
  title={The reconstructed evolutionary process},
  author={Nee, Sean and May, Robert M and Harvey, Paul H},
  journal={Phil. Trans. R. Soc. Lond. B},
  volume={344},
  number={1309},
  pages={305--311},
  year={1994},
  publisher={The Royal Society}
}

@article{maddison2007estimating,
  title={Estimating a binary character's effect on speciation and extinction},
  author={Maddison, Wayne P and Midford, Peter E and Otto, Sarah P},
  journal={Systematic biology},
  volume={56},
  number={5},
  pages={701--710},
  year={2007},
  publisher={Society of Systematic Zoology}
}

@article{fitzjohn2012diversitree,
  title={Diversitree: comparative phylogenetic analyses of diversification in R},
  author={FitzJohn, Richard G},
  journal={Methods in Ecology and Evolution},
  volume={3},
  number={6},
  pages={1084--1092},
  year={2012},
  publisher={Wiley Online Library}
}

@article{etienne2012prolonging,
  title={Prolonging the past counteracts the pull of the present: protracted speciation can explain observed slowdowns in diversification},
  author={Etienne, Rampal S and Rosindell, James},
  journal={Systematic Biology},
  volume={61},
  number={2},
  pages={204--213},
  year={2012},
  publisher={Oxford University Press}
}

@article{rosindell2010protracted,
  title={Protracted speciation revitalizes the neutral theory of biodiversity},
  author={Rosindell, James and Cornell, Stephen J and Hubbell, Stephen P and Etienne, Rampal S},
  journal={Ecology Letters},
  volume={13},
  number={6},
  pages={716--727},
  year={2010},
  publisher={Wiley Online Library}
}

@article{herrera2018detecting,
  title={Detecting the Dependence of Diversification on Multiple Traits from Phylogenetic Trees and Trait Data},
  author={Herrera-Alsina, Leonel and van Els, Paul and Etienne, Rampal S},
  journal={Systematic biology},
  year={2018}
}

@article{beaulieu2016detecting,
  title={Detecting hidden diversification shifts in models of trait-dependent speciation and extinction},
  author={Beaulieu, Jeremy M and O‚Äômeara, Brian C},
  journal={Systematic biology},
  volume={65},
  number={4},
  pages={583--601},
  year={2016},
  publisher={Oxford University Press}
}

@article{drummond2007beast,
  title={BEAST: Bayesian evolutionary analysis by sampling trees},
  author={Drummond, Alexei J and Rambaut, Andrew},
  journal={BMC evolutionary biology},
  volume={7},
  number={1},
  pages={214},
  year={2007},
  publisher={BioMed Central}
}

@article{huelsenbeck2001mrbayes,
  title={MRBAYES: Bayesian inference of phylogenetic trees},
  author={Huelsenbeck, John P and Ronquist, Fredrik},
  journal={Bioinformatics},
  volume={17},
  number={8},
  pages={754--755},
  year={2001},
  publisher={Oxford University Press}
}

@article{pybus2000testing,
  title={Testing macro--evolutionary models using incomplete molecular phylogenies},
  author={Pybus, Oliver G and Harvey, Paul H},
  journal={Proceedings of the Royal Society of London. Series B: Biological Sciences},
  volume={267},
  number={1459},
  pages={2267--2272},
  year={2000},
  publisher={The Royal Society}
}

@article{etienne2012conceptual,
  title={A conceptual and statistical framework for adaptive radiations with a key role for diversity dependence},
  author={Etienne, Rampal S and Haegeman, Bart},
  journal={The American Naturalist},
  volume={180},
  number={4},
  pages={E75--E89},
  year={2012},
  publisher={University of Chicago Press Chicago, IL}
}